<record><leader>00000cas a22000007a 4500</leader><controlfield tag="001">20333811</controlfield><controlfield tag="008">890913c188u9999aruwr ne      0    0eng d</controlfield><datafield ind1=" " ind2=" " tag="010"><subfield code="a">sn 89051332 </subfield></datafield><datafield ind1=" " ind2=" " tag="040"><subfield code="a">ANU</subfield><subfield code="b">eng</subfield><subfield code="c">ANU</subfield><subfield code="d">OCLCQ</subfield></datafield><datafield ind1=" " ind2=" " tag="042"><subfield code="a">msc</subfield></datafield><datafield ind1="0" ind2="4" tag="245"><subfield code="a">The Greenwood Democrat.</subfield></datafield><datafield ind1=" " ind2=" " tag="260"><subfield code="a">Greenwood, Ark. :</subfield><subfield code="b">Hampton R. Bell</subfield></datafield><datafield ind1=" " ind2=" " tag="300"><subfield code="a">v.</subfield></datafield><datafield ind1=" " ind2=" " tag="310"><subfield code="a">Weekly</subfield></datafield><datafield ind1=" " ind2=" " tag="580"><subfield code="a">Continues: Greenwood register (non-extant).</subfield></datafield><datafield ind1=" " ind2=" " tag="588"><subfield code="a">Description based on: Vol. 7, no. 6 (Apr. 4, 1889).</subfield></datafield><datafield ind1=" " ind2="4" tag="651"><subfield code="a">Greenwood (Ark.)</subfield><subfield code="v">Newspapers.</subfield></datafield><datafield ind1=" " ind2="4" tag="651"><subfield code="a">Sebastian County (Ark.)</subfield><subfield code="v">Newspapers.</subfield></datafield><datafield ind1=" " ind2=" " tag="752"><subfield code="a">United States</subfield><subfield code="b">Arkansas</subfield><subfield code="c">Sebastian</subfield><subfield code="d">Greenwood.</subfield></datafield><datafield ind1="1" ind2="0" tag="780"><subfield code="t">Greenwood register</subfield></datafield></record>